<?xml version="1.0" encoding="UTF-8"?><collection xmlns="http://www.loc.gov/MARC21/slim"><record><leader>00377nam--2200133-i-4500</leader><controlfield tag="001">000015490</controlfield><controlfield tag="002">20161230</controlfield><controlfield tag="005">20161230201031</controlfield><controlfield tag="008">060222s1000------------r-----000-0-eng-d</controlfield><datafield ind1=" " ind2=" " tag="080"><subfield code="a">61.621.375.826</subfield></datafield><datafield ind1=" " ind2=" " tag="245"><subfield code="a">New frontiers in laser medicine and surgery</subfield></datafield><datafield ind1=" " ind2=" " tag="260"><subfield code="a">New York, Elsevier Science Publishing Co., Inc 1983. Xiii + 518 P</subfield></datafield><datafield ind1=" " ind2=" " tag="700"><subfield code="a">Atsumi, Kazuhiko</subfield></datafield><datafield ind1=" " ind2=" " tag="852"><subfield code="a">72650</subfield></datafield></record></collection>